@inproceedings{lu2024entropybasedwatermarking,
  title     = {An Entropy-based Text Watermarking Detection Method},
  author    = {Lu, Yijian  and
               Liu, Aiwei  and
               Yu, Dianzhi  and
               Li, Jingjing  and
               King, Irwin},
  editor    = {Ku, Lun-Wei  and
               Martins, Andre  and
               Srikumar, Vivek},
  booktitle = {Proceedings of the 62nd Annual Meeting of the Association for Computational Linguistics (Volume 1: Long Papers)},
  month     = aug,
  year      = {2024},
  address   = {Bangkok, Thailand},
  publisher = {Association for Computational Linguistics},
  url       = {https://aclanthology.org/2024.acl-long.630/},
  doi       = {10.18653/v1/2024.acl-long.630},
  pages     = {11724--11735}
}
@inproceedings{hou2024clusteringbasedsemanticwatermark,
  title     = {k-{S}em{S}tamp: A Clustering-Based Semantic Watermark for Detection of Machine-Generated Text},
  author    = {Hou, Abe  and
               Zhang, Jingyu  and
               Wang, Yichen  and
               Khashabi, Daniel  and
               He, Tianxing},
  editor    = {Ku, Lun-Wei  and
               Martins, Andre  and
               Srikumar, Vivek},
  booktitle = {Findings of the Association for Computational Linguistics: ACL 2024},
  month     = aug,
  year      = {2024},
  address   = {Bangkok, Thailand},
  publisher = {Association for Computational Linguistics},
  url       = {https://aclanthology.org/2024.findings-acl.98/},
  doi       = {10.18653/v1/2024.findings-acl.98},
  pages     = {1706--1715}
}
@inproceedings{kirchenbauer2023watermark,
  title     = {A Watermark for Large Language Models},
  author    = {Kirchenbauer, John and Geiping, Jonas and Wen, Yuxin and Katz, Jonathan and Miers, Ian and Goldstein, Tom},
  booktitle = {Proceedings of the 40th International Conference on Machine Learning},
  pages     = {17061--17084},
  year      = {2023},
  editor    = {Krause, Andreas and Brunskill, Emma and Cho, Kyunghyun and Engelhardt, Barbara and Sabato, Sivan and Scarlett, Jonathan},
  volume    = {202},
  series    = {Proceedings of Machine Learning Research},
  month     = {23--29 Jul},
  publisher = {PMLR},
  pdf       = {https://proceedings.mlr.press/v202/kirchenbauer23a/kirchenbauer23a.pdf},
  url       = {https://proceedings.mlr.press/v202/kirchenbauer23a.html}
}
@misc{liu2024unforgeablepubliclyverifiablewatermark,
  title         = {An Unforgeable Publicly Verifiable Watermark for Large Language Models},
  author        = {Aiwei Liu and Leyi Pan and Xuming Hu and Shu'ang Li and Lijie Wen and Irwin King and Philip S. Yu},
  year          = {2024},
  eprint        = {2307.16230},
  archiveprefix = {arXiv},
  primaryclass  = {cs.CL},
  url           = {https://arxiv.org/abs/2307.16230}
}